@misc{Bennett2020,
author = {Bennett, Loris and Melchers, Bernd and Proppe, Boris},
year = {2020},
title = {Curta: A General-purpose High-Performance Computer at ZEDAT, Freie Universit√§t Berlin},
howpublished = "http://dx.doi.org/10.17169/refubium-26754",
}
